% This file was created with JabRef 2.6.
% Encoding: UTF-8

@INCOLLECTION{ex2,
  author = {Donald E. Knuth},
  title = {The \TeX book},
  booktitle = {Computers and Typesetting},
  publisher = {Addison-Wesley},
  year = {1984},
  volume = {A},
  address = {Massachusetts},
  edition = {second edition},
  date-added = {2009-04-07 14:26:31 +0200},
  date-modified = {2009-04-07 14:29:39 +0200}
}

@ARTICLE{ex1,
  author = {Dorothea Musterfrau and Heinz Mustermann},
  title = {Introduction to Poster styles},
  journal = {International Journal of LaTeX styles},
  year = {2010},
  volume = {8},
  pages = {112-115},
  number = {2},
  date-added = {2009-04-07 14:25:31 +0200},
  date-modified = {2009-04-07 14:26:27 +0200}
}

