% This file was created with JabRef 2.6.
% Encoding: UTF-8

@article{ladoukakis2014integrative,
  title={Integrative workflows for metagenomic analysis},
  author={Ladoukakis, Efthymios and Kolisis, Fragiskos N and Chatziioannou, Aristotelis A},
  journal={Frontiers in cell and developmental biology},
  volume={2},
  year={2014},
  publisher={Frontiers Media SA}
}

